@inproceedings{torch,
  title={Torch7: A matlab-like environment for machine learning},
  author={Collobert, Ronan and Kavukcuoglu, Koray and Farabet, Cl{\'e}ment},
  booktitle={BigLearn, NIPS Workshop},
  number={EPFL-CONF-192376},
  year={2011}
}

@inproceedings{caffe,
  title={Caffe: Convolutional architecture for fast feature embedding},
  author={Jia, Yangqing and Shelhamer, Evan and Donahue, Jeff and Karayev, Sergey and Long, Jonathan and Girshick, Ross and Guadarrama, Sergio and Darrell, Trevor},
  booktitle={Proceedings of the 22nd ACM international conference on Multimedia},
  pages={675--678},
  year={2014},
  organization={ACM}
}


@article{haykin2004comprehensive,
  title={A comprehensive foundation},
  author={Haykin, Simon and Network, Neural},
  journal={Neural Networks},
  volume={2},
  number={2004},
  year={2004}
}
 
@article{riesenhuber1999hierarchical,
  title={Hierarchical models of object recognition in cortex},
  author={Riesenhuber, Maximilian and Poggio, Tomaso},
  journal={Nature neuroscience},
  volume={2},
  number={11},
  pages={1019--1025},
  year={1999},
  publisher={Nature Publishing Group}
}

@inproceedings{zeiler2014visualizing,
  title={Visualizing and understanding convolutional networks},
  author={Zeiler, Matthew D and Fergus, Rob},
  booktitle={European Conference on Computer Vision},
  pages={818--833},
  year={2014},
  organization={Springer}
}
 
@article{yosinski2015understanding,
  title={Understanding neural networks through deep visualization},
  author={Yosinski, Jason and Clune, Jeff and Nguyen, Anh and Fuchs, Thomas and Lipson, Hod},
  journal={arXiv preprint arXiv:1506.06579},
  year={2015}
}

 
@book{werbos1994roots,
  title={The roots of backpropagation: from ordered derivatives to neural networks and political forecasting},
  author={Werbos, Paul John},
  volume={1},
  year={1994},
  publisher={John Wiley \& Sons}
}
 
 
@article{hornik1989multilayer,
  title={Multilayer feedforward networks are universal approximators},
  author={Hornik, Kurt and Stinchcombe, Maxwell and White, Halbert},
  journal={Neural networks},
  volume={2},
  number={5},
  pages={359--366},
  year={1989},
  publisher={Elsevier}
}
 
 
@techreport{TF,
title = {TensorFlow: A system for large-scale machine learning},
author  = {Martin Abadi and Paul Barham and Jianmin Chen and Zhifeng Chen and Andy Davis and Jeffrey Dean and Matthieu Devin and Sanjay Ghemawat and Geoffrey Irving and Michael Isard and Manjunath Kudlur and Josh Levenberg and Rajat Monga and Sherry Moore and Derek G. Murray and Benoit Steiner and Paul Tucker and Vijay Vasudevan and Pete Warden and Martin Wicke and Yuan Yu and Xiaoqiang Zheng},
year  = 2016,
URL = {https://arxiv.org/abs/1605.08695},
note  = {arXiv preprint},
institution = {Google Brain}
}

@unpublished{Goodfellow-et-al-2016-Book,
    title={Deep Learning},
    author={Ian Goodfellow and Yoshua Bengio and Aaron Courville},
    note={Book in preparation for MIT Press},
    url={http://www.deeplearningbook.org},
    year={2016}
}

@unpublished{nnsdl,
  author = {Michael Nielsen},
  title = {{Neural Networks and Deep Learning}},
  year = 2016,
  url = {http://neuralnetworksanddeeplearning.com/},
  note = {Accessed: \today}
}

@unpublished{gibiansky,
  author = {Andrew Gibiansky},
  title = {{Math to Code}},
  year = 2016,
  url = {http://andrew.gibiansky.com/},
  note = {Accessed: \today}
}

@unpublished{deeplearningdotnet,
  title = {{Deep Learning} moving beyond shallow machine learning since 2006},
  year = 2016,
  url = {http://deeplearning.net/tutorial/},
  note = {Accessed: \today}
}

@unpublished{stanfordlectures,
  author = {Andrej Karpathy and Fei-Fei Li and Justin Johnson},
  title = {{CS231n} Convolutional Neural Networks for Visual Recognition. },
  year = 2016,
  url = {http://cs231n.github.io/},
  note = {Accessed: \today}
}

@unpublished{oxfordlectures,
  author = {Nando de Freitas},
  title = {{Machine Learning}},
  year = 2015,
  url = {https://www.cs.ox.ac.uk/people/nando.defreitas/machinelearning/},
  note = {Accessed: \today}
}

@unpublished{karpathyblog,
  author = {Andrej Karpathy},
  title = {{Andrej Karpathy blog} Hacker's guide to Neural Networks},
  url = {http://karpathy.github.io/neuralnets/},
  note = {Accessed: \today}
}

@unpublished{convnetjs,
  author = {Andrej Karpathy},
  title = {{ConvNetJS} Deep Learning in your browser},
  url = {http://cs.stanford.edu/people/karpathy/convnetjs/},
  note = {Accessed: \today}
}
@unpublished{gibianskysource,
  author = {Andrew Gibiansky},
  title = {Neural networking code snippets and sources},
  year = 2012,
  url = {https://github.com/gibiansky/experiments/tree/master/neural-network},
  note = {Accessed: \today}
}

@unpublished{vlog1,
  author = {Hugo Larochelle},
  title = {neural network tutorial},
  url = {https://youtu.be/SGZ6BttHMPw},
  note = {Accessed: \today}
}

@misc{mnist,
  title={The MNIST database of handwritten digits},
  author={LeCun, Yann and Cortes, Corinna and Burges, Christopher JC},
  year={1998}
}


@article{pedregosa2011scikit,
  title={Scikit-learn: Machine learning in Python},
  author={Pedregosa, Fabian and Varoquaux, Ga{\"e}l and Gramfort, Alexandre and Michel, Vincent and Thirion, Bertrand and Grisel, Olivier and Blondel, Mathieu and Prettenhofer, Peter and Weiss, Ron and Dubourg, Vincent and others},
  journal={Journal of Machine Learning Research},
  volume={12},
  number={Oct},
  pages={2825--2830},
  year={2011}
}
@article{hornik1989multilayer,
  title={Multilayer feedforward networks are universal approximators},
  author={Hornik, Kurt and Stinchcombe, Maxwell and White, Halbert},
  journal={Neural networks},
  volume={2},
  number={5},
  pages={359--366},
  year={1989},
  publisher={Elsevier}
}

@article{bengio2009learning,
  title={Learning deep architectures for AI},
  author={Bengio, Yoshua},
  journal={Foundations and trends{\textregistered} in Machine Learning},
  volume={2},
  number={1},
  pages={1--127},
  year={2009},
  publisher={Now Publishers Inc.}
}

@PhdThesis{akthesis,
author = {Andrej Karpathy},
title = {Connecting Images and Natural Language},
school = {Stanford University},
year = {2016}
}

@article{rosenblatt1958perceptron,
  title={The perceptron: a probabilistic model for information storage and organization in the brain.},
  author={Rosenblatt, Frank},
  journal={Psychological review},
  volume={65},
  number={6},
  pages={386},
  year={1958},
  publisher={American Psychological Association}
}

@misc{shewchuk1994introduction,
  title={An introduction to the conjugate gradient method without the agonizing pain},
  author={Shewchuk, Jonathan Richard},
  year={1994},
  publisher={Carnegie-Mellon University. Department of Computer Science}
}

@article{sutskever2013importance,
  title={On the importance of initialization and momentum in deep learning.},
  author={Sutskever, Ilya and Martens, James and Dahl, George E and Hinton, Geoffrey E},
  journal={ICML (3)},
  volume={28},
  pages={1139--1147},
  year={2013}
}

@article{duchi2011adaptive,
  title={Adaptive subgradient methods for online learning and stochastic optimization},
  author={Duchi, John and Hazan, Elad and Singer, Yoram},
  journal={Journal of Machine Learning Research},
  volume={12},
  number={Jul},
  pages={2121--2159},
  year={2011}
}

@article{kingma2014adam,
  title={Adam: A method for stochastic optimization},
  author={Kingma, Diederik and Ba, Jimmy},
  journal={arXiv preprint arXiv:1412.6980},
  year={2014}
}

@article{rmsprop,
  title={Lecture 6.5-rmsprop: Divide the gradient by a running average of its recent magnitude},
  author={Tieleman, Tijmen and Hinton, Geoffrey},
  journal={COURSERA: Neural Networks for Machine Learning},
  volume={4},
  number={2},
  year={2012}
}

@book{qlearn-case,
  title={On-line Q-learning using connectionist systems},
  author={Rummery, Gavin A and Niranjan, Mahesan},
  year={1994},
  publisher={University of Cambridge, Department of Engineering}
}

@book{onlinelearn,
  title={On-line learning in neural networks},
  author={Saad, David},
  volume={17},
  year={2009},
  publisher={Cambridge University Press}
}

@inproceedings{nair2010rectified,
  title={Rectified linear units improve restricted boltzmann machines},
  author={Nair, Vinod and Hinton, Geoffrey E},
  booktitle={Proceedings of the 27th International Conference on Machine Learning (ICML-10)},
  pages={807--814},
  year={2010}
}
